@article{einstein,
    author =       "Albert Einstein",
    title =        "{Zur Elektrodynamik bewegter K{\"o}rper}. ({German})
    [{On} the electrodynamics of moving bodies]",
    journal =      "Annalen der Physik",
    volume =       "322",
    number =       "10",
    pages =        "891--921",
    year =         "1905",
    DOI =          "http://dx.doi.org/10.1002/andp.19053221004",
    keywords =     "physics"
}

@book{fager,
    title={Estructura de datos },
    author={Jose Fager},
    isbn={9789942144782},
    series={Proyecto Latin},
    year={2014},
    publisher={latin},
    keywords = {Estructura}
}

@online{knuthwebsite,
    author    = "Donald Knuth",
    title     = "Knuth: Computers and Typesetting",
    url       = "http://www-cs-faculty.stanford.edu/~uno/abcde.html",
    keywords  = "latex,knuth"
}

@inbook{knuth-fa,
    author = "Donald E. Knuth",
    title = "Fundamental Algorithms",
    publisher = "Addison-Wesley",
    year = "1973",
    chapter = "1.2",
    keywords  = "knuth,programming"
}

@misc{re,
  author = {Julián Pérez Porto y María Merino},
  title = {{Definición de seguridad informática}},
  howpublished = "\url{https://definicion.de/seguridad-informatica/}",
  year = {2021}, 
  note = "[Online; accessed 19-July-2008]"
}

@misc{merge,
  author = {Wikipedia},
  title = {{Definición de merge sort}},
  howpublished = "\url{https://es.wikipedia.org/wiki/Ordenamiento_por_mezcla}",
  year = {2021}, 
  note = "[Online; accessed ]"
}



@misc{colab,
  author = {Bejar Merma Angel Andres},
  title = {{Cuaderno de trabajo}},
  howpublished = "\url{https://colab.research.google.com/drive/1FZjcnchMuRvmnAxCTwf54DTL1DiJmsNm?usp=sharing}",
  year = {2021}, 
  note = "[Online; accessed read]"
}
@misc{heap,
  author = {heapsort},
  title = {{geekforgeek}},
  howpublished = "\url{https://www.geeksforgeeks.org/heap-sort/}",
  year = {2021}, 
  note = "[Online; accessed read]"
}



@misc{inser,
  author = {insertionsort},
  title = {{wikipedia}},
  howpublished = "\url{https://es.wikipedia.org/wiki/Ordenamiento_por_inserci%C3%B3n}",
  year = {2021}, 
  note = "[Online; accessed read]"
}



@misc{shell,
  author = {geekforgeek},
  title = {{geekforgeek}},
  howpublished = "\url{https://www.geeksforgeeks.org/shellsort/}",
  year = {2021}, 
  note = "[Online; accessed read]"
}



@misc{mas,
  author = {Robert M. Kline },
  title = {{Comparacion de algoritmos en java}},
  howpublished = "\url{https://www.cs.wcupa.edu/rkline/ds/shell-comparison.html#comparisons}",
  year = {2021}, 
  note = "[Online; accessed read]"
}

@misc{rin,
  author = {Arthur Brunet },
  title = {{Estructura de datos}},
  howpublished = "\url{https://joaoarthurbm.github.io/eda/posts/selection-sort/}",
  year = {2021}, 
  note = "[Online; accessed read]"
}


@INPROCEEDINGS{5376871,

  author={Bansal, Varinder Kumar and Srivastava, Rupesh and Pooja},

  booktitle={2009 International Conference on Advances in Computing, Control, and Telecommunication Technologies}, 

  title={Indexed Array Algorithm for Sorting}, 

  year={2009},

  volume={},

  number={},

  pages={34-36},

  doi={10.1109/ACT.2009.18}}


