






@misc{video,
  author = {happy coding},
  title = {{video}},
  howpublished = "\url{https://www.youtube.com/watch?v=9CJp-k_OjC4}",
  note = "[Online; accessed 27-setiembre-2021]"
}



@misc{quadtreepage,
  author = {jrtechs},
  title = {{Implementing a Quadtree in Python}},
  howpublished = "\url{https://jrtechs.net/data-science/implementing-a-quadtree-in-python#:~:text=A%20quadtree%20is%20a%20data,single%20unit%20of%20spatial%20information.}",
  note = "[Online; accessed 27-setiembre-2021]"
}

@misc{pagina,
  author = {Opendsa},
  title = {{visualizacion Quadtree ,The PR Quadtree }},
  howpublished = "\url{https://opendsa-server.cs.vt.edu/ODSA/Books/CS3/html/PRquadtree.html}",
  note = "[Online; accessed 27-setiembre-2021]"
}


@misc{quad3,
  author = {Wikipedia},
  title = {{Quadtree }},
  howpublished = "\url{
https://es.wikipedia.org/wiki/Quadtree}",
  note = "[Online; accessed 27-setiembre-2021]"
}

@misc{repo,
  author = {GeminiCCCC},
  title = {{Quadtree }},
  howpublished = "\url{
https://gist.github.com/GeminiCCCC}",
  note = "[fuente original]"
}

